%%%%%%%%%%%%%%%%%%%%% 引言：研究背景与意义 %%%%%%%%%%%%%%%%%%%%%
@inproceedings{kolesnikov2019revisiting,
  title={Revisiting self-supervised visual representation learning},
  author={Kolesnikov, Alexander and Zhai, Xiaohua and Beyer, Lucas},
  booktitle={Proceedings of the IEEE/CVF Conference on Computer Vision and Pattern Recognition},
  pages={1920--1929},
  year={2019}
}






















